<?xml version="1.0" encoding="UTF-8"?>
<record xmlns="http://www.loc.gov/MARC21/slim" xmlns:xsi="http://www.w3.org/2001/XMLSchema-instance" xsi:schemaLocation="http://www.loc.gov/MARC21/slim http://www.loc.gov/standards/marcxml/schema/MARC21slim.xsd">
<leader>00000cam a22      a 4500</leader>
<controlfield tag="001">001679110</controlfield>
<controlfield tag="003">NNU</controlfield>
<controlfield tag="005">20160107155523.0</controlfield>
<controlfield tag="008">841212s1962    iq a          000 0 arao</controlfield>
<datafield tag="010" ind1=" " ind2=" ">
<subfield code="a">ne 65000443</subfield>
</datafield>
<datafield tag="035" ind1=" " ind2=" ">
<subfield code="a">(OCoLC)11482846</subfield>
</datafield>
<datafield tag="040" ind1=" " ind2=" ">
<subfield code="a">DLC</subfield>
<subfield code="b">eng</subfield>
<subfield code="c">IUL</subfield>
<subfield code="d">OCLCF</subfield>
<subfield code="d">OCLCQ</subfield>
<subfield code="d">OCLCO</subfield>
<subfield code="d">NNU</subfield>
</datafield>
<datafield tag="043" ind1=" " ind2=" ">
<subfield code="a">a-iq---</subfield>
</datafield>
<datafield tag="050" ind1=" " ind2="4">
<subfield code="a">GR295.I7</subfield>
<subfield code="b">B14 1962</subfield>
</datafield>
<datafield tag="100" ind1="1" ind2=" ">
<subfield code="6">880-01</subfield>
<subfield code="a">Baghdādī, Yūnus Saʻīd.</subfield>
</datafield>
<datafield tag="245" ind1="1" ind2="0">
<subfield code="6">880-02</subfield>
<subfield code="a">Shaqāwāt Baghdād fī al-ʻaṣr al-māḍī /</subfield>
<subfield code="c">Yūnus Saʻīd al-Baghdādī.</subfield>
</datafield>
<datafield tag="246" ind1="1" ind2=" ">
<subfield code="6">880-03</subfield>
<subfield code="i">At head of title:</subfield>
<subfield code="a">Fūlklūr Baghdād</subfield>
</datafield>
<datafield tag="250" ind1=" " ind2=" ">
<subfield code="6">880-04</subfield>
<subfield code="a">al-Ṭabʻah 1.</subfield>
</datafield>
<datafield tag="260" ind1=" " ind2=" ">
<subfield code="6">880-05</subfield>
<subfield code="a">Baghdād :</subfield>
<subfield code="b">Maktabat al-Nahḍah,</subfield>
<subfield code="c">1962.</subfield>
</datafield>
<datafield tag="300" ind1=" " ind2=" ">
<subfield code="a">62 pages :</subfield>
<subfield code="b">illustrations ;</subfield>
<subfield code="c">20 cm</subfield>
</datafield>
<datafield tag="336" ind1=" " ind2=" ">
<subfield code="a">text</subfield>
<subfield code="b">txt</subfield>
<subfield code="2">rdacontent</subfield>
</datafield>
<datafield tag="337" ind1=" " ind2=" ">
<subfield code="a">unmediated</subfield>
<subfield code="b">n</subfield>
<subfield code="2">rdamedia</subfield>
</datafield>
<datafield tag="338" ind1=" " ind2=" ">
<subfield code="a">volume</subfield>
<subfield code="b">nc</subfield>
<subfield code="2">rdacarrier</subfield>
</datafield>
<datafield tag="500" ind1=" " ind2=" ">
<subfield code="a">At head of title: Fūlklūr Baghdād.</subfield>
</datafield>
<datafield tag="651" ind1=" " ind2="0">
<subfield code="a">Baghdad (Iraq)</subfield>
<subfield code="v">Folklore.</subfield>
</datafield>
<datafield tag="651" ind1=" " ind2="7">
<subfield code="a">Iraq</subfield>
<subfield code="z">Baghdad.</subfield>
<subfield code="2">fast</subfield>
<subfield code="0">(OCoLC)fst01207444</subfield>
</datafield>
<datafield tag="655" ind1=" " ind2="7">
<subfield code="a">Folklore.</subfield>
<subfield code="2">fast</subfield>
<subfield code="0">(OCoLC)fst01423784</subfield>
</datafield>
<datafield tag="776" ind1="0" ind2="8">
<subfield code="i">Online version:</subfield>
<subfield code="a">al-Baghdādī, Yūnus Saʻīd.</subfield>
<subfield code="t">Shaqāwāt Baghdād fī al-ʻaṣr al-māḍī.</subfield>
<subfield code="b">1st ed.</subfield>
<subfield code="d">Baghdād : Maktabat al-Nahḍah, 1962</subfield>
<subfield code="w">(OCoLC)615694574</subfield>
</datafield>
<datafield tag="880" ind1="1" ind2=" ">
<subfield code="6">100-01/</subfield>
<subfield code="a">بغدادي، يونس سعيد.</subfield>
</datafield>
<datafield tag="880" ind1="1" ind2="0">
<subfield code="6">245-02/</subfield>
<subfield code="a">شقاوات بغداد في العصر الماضي /</subfield>
<subfield code="c">بقلم يونس سعيد البغدادي.</subfield>
</datafield>
<datafield tag="880" ind1="1" ind2=" ">
<subfield code="6">246-03/</subfield>
<subfield code="i">في أعلى العنوان:</subfield>
<subfield code="a">فولكلور بغداد</subfield>
</datafield>
<datafield tag="880" ind1=" " ind2=" ">
<subfield code="6">250-04/</subfield>
<subfield code="a">الطبعة 1.</subfield>
</datafield>
<datafield tag="880" ind1=" " ind2=" ">
<subfield code="6">260-05/</subfield>
<subfield code="a">بغداد :</subfield>
<subfield code="b">مكتبة النهضة،</subfield>
<subfield code="c">1962.</subfield>
</datafield>
<datafield tag="OWN" ind1=" " ind2=" ">
<subfield code="a">GENERAL</subfield>
</datafield>
<datafield tag="AVA" ind1=" " ind2=" ">
<subfield code="a">NYU50</subfield>
<subfield code="b">BOBST</subfield>
<subfield code="c">Main Collection</subfield>
<subfield code="d">GR295.B3 B34 1962</subfield>
<subfield code="e">unavailable</subfield>
<subfield code="t">Unavailable</subfield>
<subfield code="f">1</subfield>
<subfield code="g">1</subfield>
<subfield code="h">N</subfield>
<subfield code="i">0</subfield>
<subfield code="j">MAIN</subfield>
<subfield code="k">0</subfield>
</datafield>
</record>
